@article{ JJSZ198706006,
author = {韦明新 and 郑雪鹤},
title = {醋酸电离平衡的温度影响及其热力学分析},
journal = {九江师专学报},
number = {06},
pages = {36-40},
year = {1987},
issn = {1005-6882},
}
@book{B1,
  author = {宋天佑 and 程鹏 and 徐家宁 and 张丽荣},
  title = {无机化学},
  publisher = {高等教育出版社},
  year = {2019},
}