@article{ ZGBZ202319041,
author = { 王彩云 and  林天闻 and  李英敏 and  蒋晓光 },
title = {丁二酮肟分光光度法测定红土镍矿中镍含量的测量不确定度评定},
journal = {中国标准化},
volume = {},
number = {19},
pages = {220-223},
year = {2023},
issn = {1002-5944},
}
@article{ NKDZ200603010,
author = { 许光军 and  冯莉 and  寇莹莹 and  顾文 and  阎世平 and  廖代正 and  程鹏 },
title = {镍(Ⅱ)和铜(Ⅱ)配合物的氧化还原与pH值相关性的研究},
journal = {南开大学学报(自然科学版)},
number = {03},
pages = {47-50},
year = {2006},
issn = {0465-7942},
}
@article{ SHAA200303029,
author = { 陈经涛 },
title = {配合物的氧化还原稳定性研究},
journal = {陕西教育学院学报},
number = {03},
pages = {90-94},
year = {2003},
issn = {1008-598X},
}
@article{ NYBH20241011002,
author = { 邰伟 and  叶国杰 and  何群彪 and  吴德礼 },
title = {多羟基亚铁耦合臭氧同步去除重金属和有机物——以Cu（Ⅱ）-EDTA去除为例},
journal = {能源环境保护},
pages = {1-14},
year = {2024},
issn = {2097-4183},
}