@article{ GZHA202401061,
author = { 杜意恩 and  郭少华 and  兰姝宁 and  高润凤 and  何婧 },
title = {无机化学实验“硫酸亚铁铵的制备”教学案例的设计},
journal = {广州化工},
volume = {52},
number = {01},
pages = {207-210+216},
year = {2024},
issn = {1001-9677},
}
@article{ GLKX202311020,
author = { 沈凤翠 and  王雨萍 and  彭鑫 and  陈刚 and  刘倩 },
title = {硫酸亚铁铵制备的改进实验},
journal = {高师理科学刊},
volume = {43},
number = {11},
pages = {101-105},
year = {2023},
issn = {1007-9831},
}