@article{ SSCG202408002,
author = { 黄冬兰 and  焦琳娟 and  丘秀珍 and  罗建民 and  王宇琳 },
title = {EDTA配位滴定法测定水总硬度实验的课程思政设计},
journal = {韶关学院学报},
volume = {45},
number = {08},
pages = {7-11},
year = {2024},
issn = {1007-5348},
}
@article{ GZHA201418029,
author = { 吴晓红 and  刘硕 and  蒋彩云 and  王维敏 and  胡静华 and  李小华 },
title = {钙指示剂体系稳定性研究},
journal = {广州化工},
volume = {42},
number = {18},
pages = {74-75+98},
year = {2014},
issn = {1001-9677},
}
@article{ SDHG200907005,
author = { 田力 and  谭永放 },
title = {铬黑T作为络合滴定指示剂稳定性的研究},
journal = {山东化工},
volume = {38},
number = {07},
pages = {14-17},
year = {2009},
issn = {1008-021X},
doi = {10.19319/j.cnki.issn.1008-021x.2009.07.006}
}