@article{ BSSZ200302005,
author = { 李羚 },
title = {过二硫酸铵与硫代硫酸钠反应的热力学和动力学},
journal = {保山师专学报},
number = {02},
pages = {14-15},
year = {2003},
issn = {1008-6587},
}
@article{ HXYJ200002038,
author = { 赵晓东 and 粟松涛 and 贾朝霞 },
title = {无机化学反应动力学实验的改进},
journal = {化学研究与应用},
number = {02},
pages = {231-233},
year = {2000},
issn = {1004-1656},
}
@article{ FYSZ198802003,
author = { 方维海 and  刘海燕 },
title = {过二硫酸铵与碘化钾反应的速率方程和机理},
journal = {阜阳师范学院学报(自然科学版)},
number = {02},
pages = {27-30},
year = {1988},
issn = {1004-4329},
}