@article{ BSSZ200302005,
author = { 李羚 },
title = {过二硫酸铵与硫代硫酸钠反应的热力学和动力学},
journal = {保山师专学报},
number = {02},
pages = {14-15},
year = {2003},
issn = {1008-6587},
}
@article{ HXYJ200002038,
author = { 赵晓东 and 粟松涛 and 贾朝霞 },
title = {无机化学反应动力学实验的改进},
journal = {化学研究与应用},
number = {02},
pages = {231-233},
year = {2000},
issn = {1004-1656},
}
@article{ FYSZ198802003,
author = { 方维海 and  刘海燕 },
title = {过二硫酸铵与碘化钾反应的速率方程和机理},
journal = {阜阳师范学院学报(自然科学版)},
number = {02},
pages = {27-30},
year = {1988},
issn = {1004-4329},
}
@article{ JJSZ198706006,
author = {韦明新 and 郑雪鹤},
title = {醋酸电离平衡的温度影响及其热力学分析},
journal = {九江师专学报},
number = {06},
pages = {36-40},
year = {1987},
issn = {1005-6882},
}

@book{B1,
  author = {宋天佑 and 程鹏 and 徐家宁 and 张丽荣},
  title = {无机化学},
  publisher = {高等教育出版社},
  year = {2019},
}
@article{ GZHA202401061,
author = { 杜意恩 and  郭少华 and  兰姝宁 and  高润凤 and  何婧 },
title = {无机化学实验“硫酸亚铁铵的制备”教学案例的设计},
journal = {广州化工},
volume = {52},
number = {01},
pages = {207-210+216},
year = {2024},
issn = {1001-9677},
}
@article{ GLKX202311020,
author = { 沈凤翠 and  王雨萍 and  彭鑫 and  陈刚 and  刘倩 },
title = {硫酸亚铁铵制备的改进实验},
journal = {高师理科学刊},
volume = {43},
number = {11},
pages = {101-105},
year = {2023},
issn = {1007-9831},
}
@article{ SSCG202408002,
author = { 黄冬兰 and  焦琳娟 and  丘秀珍 and  罗建民 and  王宇琳 },
title = {EDTA配位滴定法测定水总硬度实验的课程思政设计},
journal = {韶关学院学报},
volume = {45},
number = {08},
pages = {7-11},
year = {2024},
issn = {1007-5348},
}
@article{ GZHA201418029,
author = { 吴晓红 and  刘硕 and  蒋彩云 and  王维敏 and  胡静华 and  李小华 },
title = {钙指示剂体系稳定性研究},
journal = {广州化工},
volume = {42},
number = {18},
pages = {74-75+98},
year = {2014},
issn = {1001-9677},
}
@article{ SDHG200907005,
author = { 田力 and  谭永放 },
title = {铬黑T作为络合滴定指示剂稳定性的研究},
journal = {山东化工},
volume = {38},
number = {07},
pages = {14-17},
year = {2009},
issn = {1008-021X},
doi = {10.19319/j.cnki.issn.1008-021x.2009.07.006}
}
@article{ ZGBZ202319041,
author = { 王彩云 and  林天闻 and  李英敏 and  蒋晓光 },
title = {丁二酮肟分光光度法测定红土镍矿中镍含量的测量不确定度评定},
journal = {中国标准化},
volume = {},
number = {19},
pages = {220-223},
year = {2023},
issn = {1002-5944},
}
@article{ NKDZ200603010,
author = { 许光军 and  冯莉 and  寇莹莹 and  顾文 and  阎世平 and  廖代正 and  程鹏 },
title = {镍(Ⅱ)和铜(Ⅱ)配合物的氧化还原与pH值相关性的研究},
journal = {南开大学学报(自然科学版)},
number = {03},
pages = {47-50},
year = {2006},
issn = {0465-7942},
}
@article{ SHAA200303029,
author = { 陈经涛 },
title = {配合物的氧化还原稳定性研究},
journal = {陕西教育学院学报},
number = {03},
pages = {90-94},
year = {2003},
issn = {1008-598X},
}
@article{ NYBH20241011002,
author = { 邰伟 and  叶国杰 and  何群彪 and  吴德礼 },
title = {多羟基亚铁耦合臭氧同步去除重金属和有机物——以Cu（Ⅱ）-EDTA去除为例},
journal = {能源环境保护},
pages = {1-14},
year = {2024},
issn = {2097-4183},
}